<record><leader>00000cas a22000007a 4500</leader><controlfield tag="001">41456541</controlfield><controlfield tag="008">990529c19269999tnuwr ne      0    0eng d</controlfield><datafield ind1=" " ind2=" " tag="010"><subfield code="a">sn 99065840 </subfield></datafield><datafield ind1=" " ind2=" " tag="040"><subfield code="a">TGN</subfield><subfield code="b">eng</subfield><subfield code="c">TGN</subfield><subfield code="d">OCLCQ</subfield><subfield code="d">OCLCO</subfield><subfield code="d">OCLCF</subfield></datafield><datafield ind1="1" ind2=" " tag="029"><subfield code="a">AU@</subfield><subfield code="b">000020230360</subfield></datafield><datafield ind1=" " ind2=" " tag="042"><subfield code="a">msc</subfield></datafield><datafield ind1=" " ind2=" " tag="043"><subfield code="a">n-us-tn</subfield></datafield><datafield ind1="0" ind2=" " tag="130"><subfield code="a">Morgan County news (Wartburg, Tenn.)</subfield></datafield><datafield ind1="1" ind2="4" tag="245"><subfield code="a">The Morgan County news.</subfield></datafield><datafield ind1="1" ind2=" " tag="246"><subfield code="i">Issues for Nov. 3, 1994-Jan. 12, 1995 have title:</subfield><subfield code="a">Morgan County news-times</subfield></datafield><datafield ind1=" " ind2=" " tag="260"><subfield code="a">Wartburg, Tenn. :</subfield><subfield code="b">Davis, Dagley, &amp; Bonifacius</subfield></datafield><datafield ind1=" " ind2=" " tag="300"><subfield code="a">v.</subfield></datafield><datafield ind1=" " ind2=" " tag="310"><subfield code="a">Weekly</subfield></datafield><datafield ind1="1" ind2=" " tag="362"><subfield code="a">Began in 1926.</subfield></datafield><datafield ind1=" " ind2=" " tag="500"><subfield code="a">Owners: E.L. Davis, Geo. W. Dagley, &amp; D.C. Bonifacius, &lt;1926&gt;</subfield></datafield><datafield ind1=" " ind2=" " tag="515"><subfield code="a">Suspended: Nov. 12, 1959-Feb. 25, 1960.</subfield></datafield><datafield ind1=" " ind2=" " tag="588"><subfield code="a">Description based on: Vol. 8, no. 48 (July 8, 1926).</subfield></datafield><datafield ind1=" " ind2="0" tag="651"><subfield code="a">Wartburg (Tenn.)</subfield><subfield code="v">Newspapers.</subfield></datafield><datafield ind1=" " ind2="0" tag="651"><subfield code="a">Morgan County (Tenn.)</subfield><subfield code="v">Newspapers.</subfield></datafield><datafield ind1=" " ind2="7" tag="655"><subfield code="a">Newspapers.</subfield><subfield code="2">fast</subfield><subfield code="0">(OCoLC)fst01423814</subfield></datafield><datafield ind1=" " ind2="7" tag="651"><subfield code="a">Tennessee</subfield><subfield code="z">Morgan County.</subfield><subfield code="2">fast</subfield><subfield code="0">(OCoLC)fst01228424</subfield></datafield><datafield ind1=" " ind2="7" tag="651"><subfield code="a">Tennessee</subfield><subfield code="z">Wartburg.</subfield><subfield code="2">fast</subfield><subfield code="0">(OCoLC)fst01929483</subfield></datafield><datafield ind1=" " ind2=" " tag="752"><subfield code="a">United States</subfield><subfield code="b">Tennessee</subfield><subfield code="c">Morgan</subfield><subfield code="d">Wartburg.</subfield></datafield><datafield ind1="0" ind2="0" tag="780"><subfield code="t">Morgan County press (Wartburg, Tenn.)</subfield><subfield code="w">(DLC)sn 99065839</subfield></datafield><datafield ind1="0" ind2="5" tag="780"><subfield code="t">Morgan County times</subfield><subfield code="g">Nov. 3, 1994</subfield></datafield></record>